@article{lecun2015deep,
  title={Deep learning},
  author={LeCun, Yann and Bengio, Yoshua and Hinton, Geoffrey},
  journal={nature},
  volume={521},
  number={7553},
  pages={436--444},
  year={2015},
  publisher={Nature Publishing Group}
}

@misc{1,
    title={Stochastic batch size for adaptive regularization in deep network optimization},
    author={Kensuke Nakamura and Stefano Soatto and Byung-Woo Hong},
    year={2020},
    eprint={2004.06341},
    archivePrefix={arXiv},
    primaryClass={cs.LG}
}